This file was created with JabRef 2.2.
Encoding: UTF8

@INPROCEEDINGS{ACC07_WeisselHuber,
  author = {Florian Weissel and Marco F. Huber and Uwe D. Hanebeck},
  title = {{E}fficient {C}ontrol of {N}onlinear {N}oise--{C}orrupted {S}ystems {U}sing a {N}ovel {M}odel {P}redictive {C}ontrol {F}ramework},
  booktitle = {Proceedings of the 2007 American Control Conference (ACC 2007)},
  year = {2007},
  pages = {3751--3756},
  address = {New York, New York},
  month = jul
}

@ARTICLE{ITM07_BrunnSawo,
  author = {Dietrich Brunn and Felix Sawo and Uwe D. Hanebeck},
  title = {{M}odellbasierte {V}ermessung verteilter {P}h{\"a}nomene und {G}enerierung optimaler {M}esssequenzen},
  journal = {tm - Technisches Messen, Oldenbourg Verlag},
  year = {2007},
  volume = {3},
  pages = {75--90},
  month = mar,
  publisher = {Universit{\"a}tsverlag Karlsruhe}
}

@comment{jabref-meta: selector_publisher:}

@comment{jabref-meta: selector_author:}

@comment{jabref-meta: selector_journal:}

@comment{jabref-meta: selector_keywords:}

